@inproceedings{Barnett:1987:HDM:41526.41531,
 author = {Barnett, G. O.},
 title = {History of the Development of Medical Information Systems at the Laboratory of Computer Science at Massachusetts General Hospital},
 booktitle = {Proceedings of ACM Conference on History of Medical Informatics},
 series = {HMI '87},
 year = {1987},
 isbn = {0-89791-248-9},
 location = {Bethesda, Maryland, USA},
 pages = {43--49},
 numpages = {7},
 url = {http://doi.acm.org/10.1145/41526.41531},
 doi = {10.1145/41526.41531},
 acmid = {41531},
 publisher = {ACM},
 address = {New York, NY, USA},
} 
@inproceedings{McCoy:2012:LUP:2392701.2392704,
 author = {McCoy, Wilson and Pelz, Jeff B. and Alm, Cecilia Ovesdotter and Shi, Pengcheng and Calvelli, Cara and Haake, Anne},
 title = {Linking Uncertainty in Physicians' Narratives to Diagnostic Correctness},
 booktitle = {Proceedings of the Workshop on Extra-Propositional Aspects of Meaning in Computational Linguistics},
 series = {ExProM '12},
 year = {2012},
 location = {Jeju, Republic of Korea},
 pages = {19--27},
 numpages = {9},
 url = {http://dl.acm.org/citation.cfm?id=2392701.2392704},
 acmid = {2392704},
 publisher = {Association for Computational Linguistics},
 address = {Stroudsburg, PA, USA},
} 
@article{Wang:2007:ACC:1229968.1229975,
 author = {Wang, Lipo and Chu, Feng and Xie, Wei},
 title = {Accurate Cancer Classification Using Expressions of Very Few Genes},
 journal = {IEEE/ACM Trans. Comput. Biol. Bioinformatics},
 issue_date = {January 2007},
 volume = {4},
 number = {1},
 month = jan,
 year = {2007},
 issn = {1545-5963},
 pages = {40--53},
 numpages = {14},
 url = {http://dx.doi.org/10.1109/TCBB.2007.1006},
 doi = {10.1109/TCBB.2007.1006},
 acmid = {1229975},
 publisher = {IEEE Computer Society Press},
 address = {Los Alamitos, CA, USA},
 keywords = {Cancer classification, gene expression, fuzzy, neural networks, support vector machines.},
} 
@inproceedings{Womack:2012:DEI:2392701.2392702,
 author = {Womack, Kathryn and McCoy, Wilson and Alm, Cecilia Ovesdotter and Calvelli, Cara and Pelz, Jeff B. and Shi, Pengcheng and Haake, Anne},
 title = {Disfluencies As Extra-propositional Indicators of Cognitive Processing},
 booktitle = {Proceedings of the Workshop on Extra-Propositional Aspects of Meaning in Computational Linguistics},
 series = {ExProM '12},
 year = {2012},
 location = {Jeju, Republic of Korea},
 pages = {1--9},
 numpages = {9},
 url = {http://dl.acm.org/citation.cfm?id=2392701.2392702},
 acmid = {2392702},
 publisher = {Association for Computational Linguistics},
 address = {Stroudsburg, PA, USA},
} 
@inproceedings{Zhang:2002:PPU:514191.514232,
 author = {Zhang, F. and Bilas, A. and Dhanantwari, A. and Plataniotis, K. N. and Abiprojo, R. and Stergiopoulos, S.},
 title = {Parallelization and Performance of 3D Ultrasound Imaging Beamforming Algorithms on Modern Clusters},
 booktitle = {Proceedings of the 16th International Conference on Supercomputing},
 series = {ICS '02},
 year = {2002},
 isbn = {1-58113-483-5},
 location = {New York, New York, USA},
 pages = {294--304},
 numpages = {11},
 url = {http://doi.acm.org/10.1145/514191.514232},
 doi = {10.1145/514191.514232},
 acmid = {514232},
 publisher = {ACM},
 address = {New York, NY, USA},
 keywords = {medical applications, parallel processing},
} 
@article{Wang:2012:RCM:2122263.2122454,
 author = {Wang, Shu-Lin and Zhu, Yi-Hai and Jia, Wei and Huang, De-Shuang},
 title = {Robust Classification Method of Tumor Subtype by Using Correlation Filters},
 journal = {IEEE/ACM Trans. Comput. Biol. Bioinformatics},
 issue_date = {March 2012},
 volume = {9},
 number = {2},
 month = mar,
 year = {2012},
 issn = {1545-5963},
 pages = {580--591},
 numpages = {12},
 url = {http://dx.doi.org/10.1109/TCBB.2011.135},
 doi = {10.1109/TCBB.2011.135},
 acmid = {2122454},
 publisher = {IEEE Computer Society Press},
 address = {Los Alamitos, CA, USA},
 keywords = {Correlation filters, gene expression profiles, tumor classification, template-based method, model-based method.},
} 
@inproceedings{Baesler:2001:HIM:564124.564329,
 author = {Baesler, Felipe F. and Sep\'{u}lveda, Jos{\'e} A.},
 title = {Healthcare II: Multi-objective Simulation Optimization for a Cancer Treatment Center},
 booktitle = {Proceedings of the 33Nd Conference on Winter Simulation},
 series = {WSC '01},
 year = {2001},
 isbn = {0-7803-7309-X},
 location = {Arlington, Virginia},
 pages = {1405--1411},
 numpages = {7},
 url = {http://dl.acm.org/citation.cfm?id=564124.564329},
 acmid = {564329},
 publisher = {IEEE Computer Society},
 address = {Washington, DC, USA},
} 
@inproceedings{Yarnall:1966:CAM:800256.810706,
 author = {Yarnall, Stephen R. and Kronmal, Richard A.},
 title = {Computer Aids to Medical Diagnosis\&Mdash;Problems and Progress},
 booktitle = {Proceedings of the 1966 21st National Conference},
 series = {ACM '66},
 year = {1966},
 pages = {269--274},
 numpages = {6},
 url = {http://doi.acm.org/10.1145/800256.810706},
 doi = {10.1145/800256.810706},
 acmid = {810706},
 publisher = {ACM},
 address = {New York, NY, USA},
} 
@article{doi:10.1287/mnsc.29.6.653,
author = {Bouwman, Marinus J.},
title = {Human Diagnostic Reasoning by Computer: An Illustration from Financial Analysis},
journal = {Management Science},
volume = {29},
number = {6},
pages = {653-672},
year = {1983},
doi = {10.1287/mnsc.29.6.653},

URL = {http://pubsonline.informs.org/doi/abs/10.1287/mnsc.29.6.653},
eprint = {http://pubsonline.informs.org/doi/pdf/10.1287/mnsc.29.6.653}
}

@article{McDonald,
	Annote = {Research Support, U.S. Gov't, Non-P.H.S.,},
	Author = {McDonald,CJ},
	Date = {1976/12/},
	Date-Added = {2014-05-02 02:01:26 +0000},
	Date-Modified = {2014-05-02 02:01:26 +0000},
	Journal = {The New England journal of medicine},
	Journal1 = {N Engl J Med},
	Keywords = {Computers; Diagnosis; Disease; Humans; Information Theory; Medical Records; Professional Review Organizations; Quality of Health Care; Therapeutics},
	Month = {12},
	Number = {24},
	Pages = {1351-1355},
	Title = {Protocol-based computer reminders, the quality of care and the non-perfectability of man.},
	Ty = {JOUR},
	Url = {http://europepmc.org/abstract/MED/988482},
	Volume = {295},
	Year = {1976},
	Bdsk-Url-1 = {http://europepmc.org/abstract/MED/988482}
    }